
<record>
  <leader>01188nam a22002655i 4500</leader>
  <controlfield tag="001">21352449</controlfield>
  <datafield tag="906" ind1=" " ind2=" ">
    <subfield code="a">0</subfield>
    <subfield code="b">ibc</subfield>
    <subfield code="c">origres</subfield>
    <subfield code="d">u</subfield>
    <subfield code="e">ncip</subfield>
    <subfield code="f">20</subfield>
    <subfield code="g">y-gencatlg</subfield>
  </datafield>
  <datafield tag="925" ind1="0" ind2=" ">
    <subfield code="a">acquire</subfield>
    <subfield code="b">1 shelf copy</subfield>
    <subfield code="x">policy default</subfield>
  </datafield>
  <datafield tag="955" ind1=" " ind2=" ">
    <subfield code="a">ve21 2020-01-03</subfield>
  </datafield>
  <controlfield tag="005">20200103194423.0</controlfield>
  <controlfield tag="008">191214s2019    gw            000 0 ger  </controlfield>
  <datafield tag="020" ind1=" " ind2=" ">
    <subfield code="a">9783868325232</subfield>
    <subfield code="q">hardbound</subfield>
  </datafield>
  <datafield tag="024" ind1="3" ind2=" ">
    <subfield code="a">9783868325232</subfield>
  </datafield>
  <datafield tag="035" ind1=" " ind2=" ">
    <subfield code="a">(GyWOH)har190067963</subfield>
  </datafield>
  <datafield tag="040" ind1=" " ind2=" ">
    <subfield code="a">DLC</subfield>
    <subfield code="b">eng</subfield>
    <subfield code="c">DLC</subfield>
    <subfield code="e">rda</subfield>
  </datafield>
  <datafield tag="042" ind1=" " ind2=" ">
    <subfield code="a">pcc</subfield>
  </datafield>
  <datafield tag="245" ind1="0" ind2="0">
    <subfield code="a">Skandal! Mythos! Moderne! :</subfield>
    <subfield code="b">die Vereinigung der XI in Berlin /</subfield>
    <subfield code="c">herausgegeben von Tobias Hoffmann, Anna Grosskopf und Sabine Meister ; Bröhan-Museum, Landesmuseum für Jugendstil, Art Deco und Funktionalismus ; Texte: Sabine Meister, Anna Grosskopf, Tobias Hoffmann.</subfield>
  </datafield>
  <datafield tag="264" ind1=" " ind2="1">
    <subfield code="a">Köln :</subfield>
    <subfield code="b">Wienand,</subfield>
    <subfield code="c">[2019]</subfield>
  </datafield>
  <datafield tag="300" ind1=" " ind2=" ">
    <subfield code="a">136 pages :</subfield>
    <subfield code="b">many illustrations (chiefly color) ;</subfield>
    <subfield code="c">29 cm</subfield>
  </datafield>
  <datafield tag="336" ind1=" " ind2=" ">
    <subfield code="a">text</subfield>
    <subfield code="b">txt</subfield>
    <subfield code="2">rdacontent</subfield>
  </datafield>
  <datafield tag="337" ind1=" " ind2=" ">
    <subfield code="a">unmediated</subfield>
    <subfield code="b">n</subfield>
    <subfield code="2">rdamedia</subfield>
  </datafield>
  <datafield tag="338" ind1=" " ind2=" ">
    <subfield code="a">volume</subfield>
    <subfield code="b">nc</subfield>
    <subfield code="2">rdacarrier</subfield>
  </datafield>
  <datafield tag="585" ind1=" " ind2=" ">
    <subfield code="a">Catalog of an exhibition held at the Bröhan-Museum,Landesmuseum für Jugendstil, Art Deco und Funktionalismus, Berlin, May 30-September 15, 2019.</subfield>
  </datafield>
  <datafield tag="923" ind1=" " ind2=" ">
    <subfield code="d">20191211</subfield>
    <subfield code="n">0217671</subfield>
    <subfield code="s">GyWOH</subfield>
  </datafield>
  <datafield tag="985" ind1=" " ind2=" ">
    <subfield code="e">VENDOR LOAD</subfield>
  </datafield>
</record>